@online{biblatex,
    author   = {Philipp Lehman},
    title    = {BibLaTeX â€“ Sophisticated Bibliographies in LaTeX},
    url      = {https://www.ctan.org/pkg/biblatex},
    date     = {2022-01-09},
    keywords = {latex,biblatex},
    language = {Englisch}
}